[gd_scene load_steps=3 format=2]

[ext_resource path="res://assets/texture/sample-tiles.png" type="Texture" id=1]

[sub_resource type="RectangleShape2D" id=1]

custom_solver_bias = 0.0
extents = Vector2( 32, 32 )

[node name="sample-tileset" type="Node2D"]

[node name="floor" type="Sprite" parent="." index="0"]

position = Vector2( 32, 32 )
texture = ExtResource( 1 )
region_enabled = true
region_rect = Rect2( 67, 67, 64, 64 )
_sections_unfolded = [ "Animation", "Offset", "Region" ]
__meta__ = {
"_edit_group_": true
}

[node name="ceil" type="Sprite" parent="." index="1"]

position = Vector2( 96, 32 )
texture = ExtResource( 1 )
region_enabled = true
region_rect = Rect2( 265, 67, 64, 64 )
_sections_unfolded = [ "Pause", "Region" ]
__meta__ = {
"_edit_group_": true
}

[node name="w_up" type="Sprite" parent="." index="2"]

editor/display_folded = true
position = Vector2( 160, 32 )
texture = ExtResource( 1 )
region_enabled = true
region_rect = Rect2( 67, 1, 64, 64 )
_sections_unfolded = [ "Region" ]
__meta__ = {
"_edit_group_": true
}

[node name="collision1" type="StaticBody2D" parent="w_up" index="0"]

input_pickable = false
collision_layer = 1
collision_mask = 1
constant_linear_velocity = Vector2( 0, 0 )
constant_angular_velocity = 0.0
friction = 1.0
bounce = 0.0

[node name="collision_shape" type="CollisionShape2D" parent="w_up/collision1" index="0"]

shape = SubResource( 1 )

[node name="w_right" type="Sprite" parent="." index="3"]

editor/display_folded = true
position = Vector2( 224, 32 )
texture = ExtResource( 1 )
region_enabled = true
region_rect = Rect2( 133, 67, 64, 64 )
_sections_unfolded = [ "Animation", "Region" ]
__meta__ = {
"_edit_group_": true
}

[node name="collision2" type="StaticBody2D" parent="w_right" index="0"]

input_pickable = false
collision_layer = 1
collision_mask = 1
constant_linear_velocity = Vector2( 0, 0 )
constant_angular_velocity = 0.0
friction = 1.0
bounce = 0.0

[node name="collision_shape" type="CollisionShape2D" parent="w_right/collision2" index="0"]

shape = SubResource( 1 )

[node name="w_down" type="Sprite" parent="." index="4"]

editor/display_folded = true
position = Vector2( 288, 32 )
texture = ExtResource( 1 )
region_enabled = true
region_rect = Rect2( 67, 133, 64, 64 )
_sections_unfolded = [ "Animation", "Region" ]
__meta__ = {
"_edit_group_": true
}

[node name="collision" type="StaticBody2D" parent="w_down" index="0"]

input_pickable = false
collision_layer = 1
collision_mask = 1
constant_linear_velocity = Vector2( 0, 0 )
constant_angular_velocity = 0.0
friction = 1.0
bounce = 0.0

[node name="collision_shape" type="CollisionShape2D" parent="w_down/collision" index="0"]

shape = SubResource( 1 )

[node name="w_left" type="Sprite" parent="." index="5"]

editor/display_folded = true
position = Vector2( 352, 32 )
texture = ExtResource( 1 )
region_enabled = true
region_rect = Rect2( 1, 67, 64, 64 )
_sections_unfolded = [ "Animation" ]
__meta__ = {
"_edit_group_": true
}

[node name="collision" type="StaticBody2D" parent="w_left" index="0"]

input_pickable = false
collision_layer = 1
collision_mask = 1
constant_linear_velocity = Vector2( 0, 0 )
constant_angular_velocity = 0.0
friction = 1.0
bounce = 0.0

[node name="collision_shape" type="CollisionShape2D" parent="w_left/collision" index="0"]

shape = SubResource( 1 )

[node name="w_ul" type="Sprite" parent="." index="6"]

editor/display_folded = true
position = Vector2( 32, 96 )
texture = ExtResource( 1 )
region_enabled = true
region_rect = Rect2( 1, 1, 64, 64 )
__meta__ = {
"_edit_group_": true
}

[node name="collision" type="StaticBody2D" parent="w_ul" index="0"]

input_pickable = false
collision_layer = 1
collision_mask = 1
constant_linear_velocity = Vector2( 0, 0 )
constant_angular_velocity = 0.0
friction = 1.0
bounce = 0.0

[node name="collision_shape" type="CollisionShape2D" parent="w_ul/collision" index="0"]

shape = SubResource( 1 )

[node name="w_ur" type="Sprite" parent="." index="7"]

editor/display_folded = true
position = Vector2( 96, 96 )
texture = ExtResource( 1 )
region_enabled = true
region_rect = Rect2( 133, 1, 64, 64 )
_sections_unfolded = [ "Animation" ]
__meta__ = {
"_edit_group_": true
}

[node name="collision2" type="StaticBody2D" parent="w_ur" index="0"]

input_pickable = false
collision_layer = 1
collision_mask = 1
constant_linear_velocity = Vector2( 0, 0 )
constant_angular_velocity = 0.0
friction = 1.0
bounce = 0.0

[node name="collision_shape" type="CollisionShape2D" parent="w_ur/collision2" index="0"]

shape = SubResource( 1 )

[node name="w_dr" type="Sprite" parent="." index="8"]

editor/display_folded = true
position = Vector2( 96, 160 )
texture = ExtResource( 1 )
region_enabled = true
region_rect = Rect2( 133, 133, 64, 64 )
_sections_unfolded = [ "Animation" ]
__meta__ = {
"_edit_group_": true
}

[node name="collision1" type="StaticBody2D" parent="w_dr" index="0"]

input_pickable = false
collision_layer = 1
collision_mask = 1
constant_linear_velocity = Vector2( 0, 0 )
constant_angular_velocity = 0.0
friction = 1.0
bounce = 0.0

[node name="collision_shape" type="CollisionShape2D" parent="w_dr/collision1" index="0"]

shape = SubResource( 1 )

[node name="w_dl" type="Sprite" parent="." index="9"]

editor/display_folded = true
position = Vector2( 32, 160 )
texture = ExtResource( 1 )
region_enabled = true
region_rect = Rect2( 1, 133, 64, 64 )
_sections_unfolded = [ "Animation" ]
__meta__ = {
"_edit_group_": true
}

[node name="collision1" type="StaticBody2D" parent="w_dl" index="0"]

input_pickable = false
collision_layer = 1
collision_mask = 1
constant_linear_velocity = Vector2( 0, 0 )
constant_angular_velocity = 0.0
friction = 1.0
bounce = 0.0

[node name="collision_shape" type="CollisionShape2D" parent="w_dl/collision1" index="0"]

shape = SubResource( 1 )

[node name="w_oul" type="Sprite" parent="." index="10"]

editor/display_folded = true
position = Vector2( 160, 96 )
texture = ExtResource( 1 )
region_enabled = true
region_rect = Rect2( 199, 1, 64, 64 )
_sections_unfolded = [ "Animation", "Region" ]
__meta__ = {
"_edit_group_": true
}

[node name="collision" type="StaticBody2D" parent="w_oul" index="0"]

input_pickable = false
collision_layer = 1
collision_mask = 1
constant_linear_velocity = Vector2( 0, 0 )
constant_angular_velocity = 0.0
friction = 1.0
bounce = 0.0

[node name="collision_shape" type="CollisionShape2D" parent="w_oul/collision" index="0"]

shape = SubResource( 1 )

[node name="w_our" type="Sprite" parent="." index="11"]

editor/display_folded = true
position = Vector2( 224, 96 )
texture = ExtResource( 1 )
region_enabled = true
region_rect = Rect2( 331, 1, 64, 64 )
_sections_unfolded = [ "Animation", "Region" ]
__meta__ = {
"_edit_group_": true
}

[node name="collision2" type="StaticBody2D" parent="w_our" index="0"]

input_pickable = false
collision_layer = 1
collision_mask = 1
constant_linear_velocity = Vector2( 0, 0 )
constant_angular_velocity = 0.0
friction = 1.0
bounce = 0.0

[node name="collision_shape" type="CollisionShape2D" parent="w_our/collision2" index="0"]

shape = SubResource( 1 )

[node name="w_odr" type="Sprite" parent="." index="12"]

editor/display_folded = true
position = Vector2( 224, 160 )
texture = ExtResource( 1 )
region_enabled = true
region_rect = Rect2( 331, 133, 64, 64 )
_sections_unfolded = [ "Animation" ]
__meta__ = {
"_edit_group_": true
}

[node name="collision1" type="StaticBody2D" parent="w_odr" index="0"]

input_pickable = false
collision_layer = 1
collision_mask = 1
constant_linear_velocity = Vector2( 0, 0 )
constant_angular_velocity = 0.0
friction = 1.0
bounce = 0.0

[node name="collision_shape" type="CollisionShape2D" parent="w_odr/collision1" index="0"]

shape = SubResource( 1 )

[node name="w_odl" type="Sprite" parent="." index="13"]

editor/display_folded = true
position = Vector2( 160, 160 )
texture = ExtResource( 1 )
region_enabled = true
region_rect = Rect2( 199, 133, 64, 64 )
__meta__ = {
"_edit_group_": true
}

[node name="collision1" type="StaticBody2D" parent="w_odl" index="0"]

input_pickable = false
collision_layer = 1
collision_mask = 1
constant_linear_velocity = Vector2( 0, 0 )
constant_angular_velocity = 0.0
friction = 1.0
bounce = 0.0

[node name="collision_shape" type="CollisionShape2D" parent="w_odl/collision1" index="0"]

shape = SubResource( 1 )


