[gd_scene load_steps=36 format=2]

[ext_resource path="res://domains/map.tscn" type="PackedScene" id=1]
[ext_resource path="res://assets/tileset/indoor-tiles.tres" type="TileSet" id=2]
[ext_resource path="res://assets/texture/lilacfox.png" type="Texture" id=3]
[ext_resource path="res://domains/maps/common/threshold.tscn" type="PackedScene" id=4]
[ext_resource path="res://domains/bodies/weasel-npc.tscn" type="PackedScene" id=5]
[ext_resource path="res://domains/bodies/prop.tscn" type="PackedScene" id=6]
[ext_resource path="res://domains/scene_container.tscn" type="PackedScene" id=7]
[ext_resource path="res://domains/scene.tscn" type="PackedScene" id=8]
[ext_resource path="res://domains/commands/if.tscn" type="PackedScene" id=9]
[ext_resource path="res://domains/component.tscn" type="PackedScene" id=10]
[ext_resource path="res://domains/commands/quick_if.tscn" type="PackedScene" id=11]
[ext_resource path="res://domains/commands/speech.tscn" type="PackedScene" id=12]
[ext_resource path="res://domains/commands/set_flag.tscn" type="PackedScene" id=13]
[ext_resource path="res://domains/commands/set_animation.tscn" type="PackedScene" id=14]
[ext_resource path="res://domains/commands/focus_camera.tscn" type="PackedScene" id=15]
[ext_resource path="res://domains/commands/move_body.tscn" type="PackedScene" id=16]
[ext_resource path="res://domains/commands/wait.tscn" type="PackedScene" id=17]
[ext_resource path="res://assets/texture/weasel-npc.png" type="Texture" id=18]
[ext_resource path="res://domains/bodies/area.tscn" type="PackedScene" id=19]
[ext_resource path="res://domains/commands/fade_overlay.tscn" type="PackedScene" id=20]
[ext_resource path="res://domains/commands/playSFX.tscn" type="PackedScene" id=21]
[ext_resource path="res://assets/sfx/cash-register.wav" type="AudioStream" id=22]
[ext_resource path="res://domains/commands/change_map.tscn" type="PackedScene" id=23]
[ext_resource path="res://domains/bodies/derek.tscn" type="PackedScene" id=24]
[ext_resource path="res://domains/scenes/talk_to_derek.tscn" type="PackedScene" id=25]
[ext_resource path="res://domains/scenes/talk_to_derek_after_meeting.tscn" type="PackedScene" id=26]
[ext_resource path="res://assets/sfx/maru.wav" type="AudioStream" id=27]
[ext_resource path="res://addons/maulwed_nodes/spawn_point/script.gd" type="Script" id=28]
[ext_resource path="res://addons/maulwed_nodes/spawn_point/icon.png" type="Texture" id=29]
[ext_resource path="res://domains/scenes/first_cycle_nudge.tscn" type="PackedScene" id=30]
[ext_resource path="res://domains/behaviour.tscn" type="PackedScene" id=31]
[ext_resource path="res://domains/commands/toggle_hidden.tscn" type="PackedScene" id=32]
[ext_resource path="res://domains/commands/move_schedule.tscn" type="PackedScene" id=33]
[ext_resource path="res://domains/commands/while.tscn" type="PackedScene" id=34]
[ext_resource path="res://domains/commands/make_body_look_at.tscn" type="PackedScene" id=35]

[node name="map" instance=ExtResource( 1 )]

map_name = "Lilac Fox Market"
time_flow = true

[node name="bounds" parent="." index="0"]

editor/display_folded = false

[node name="top_left" parent="bounds" index="0"]

position = Vector2( 0, 32 )

[node name="bottom_right" parent="bounds" index="1"]

position = Vector2( 1696, 416 )

[node name="terrain" parent="." index="1"]

tile_set = ExtResource( 2 )

[node name="boundaries" type="StaticBody2D" parent="terrain" index="0"]

editor/display_folded = true
input_pickable = false
collision_layer = 1
collision_mask = 4
constant_linear_velocity = Vector2( 0, 0 )
constant_angular_velocity = 0.0
friction = 1.0
bounce = 0.0
_sections_unfolded = [ "Collision" ]

[node name="shape" type="CollisionPolygon2D" parent="terrain/boundaries" index="0"]

build_mode = 0
polygon = PoolVector2Array( 64, -32, 64, 352, 1776, 352, 1776, -32, 80, -32, 112, 0, 1744, 0, 1744, 320, 1631.97, 320, 96, 320, 96, 0 )

[node name="scenario" type="Sprite" parent="terrain" index="1"]

position = Vector2( 0, 32 )
texture = ExtResource( 3 )
centered = false
_sections_unfolded = [ "Offset" ]

[node name="threshold" parent="terrain" index="2" instance=ExtResource( 4 )]

position = Vector2( 1632, 288 )
rotation = -3.14159
scale = Vector2( 1, -1 )

[node name="weasel-npc" parent="bodies" index="0" instance=ExtResource( 5 )]

position = Vector2( 560, 320 )
hidden = true

[node name="asshole" parent="bodies" index="1" instance=ExtResource( 6 )]

editor/display_folded = true
position = Vector2( 832, 320 )
interactable = 2

[node name="interaction_area" parent="bodies/asshole" index="1"]

editor/display_folded = true

[node name="appearance" parent="bodies/asshole" index="2"]

editor/display_folded = true

[node name="notif" parent="bodies/asshole" index="3"]

position = Vector2( 0, -192 )

[node name="scenes" parent="bodies/asshole" index="4" instance=ExtResource( 7 )]

[node name="talk_to_asshole" parent="bodies/asshole/scenes" index="0" instance=ExtResource( 8 )]

time_based = true
time_window_end = 15.0
on_interact = true

[node name="if_has_lunch" parent="bodies/asshole/scenes/talk_to_asshole" index="0" instance=ExtResource( 9 )]

conditional_statements = "st.has_croissant == 0
st.has_snacks == 0"
if_true = "lunch_please"
if_false = "im_good"

[node name="lunch_please" parent="bodies/asshole/scenes/talk_to_asshole/if_has_lunch" index="0" instance=ExtResource( 10 )]

[node name="is_traumatized" parent="bodies/asshole/scenes/talk_to_asshole/if_has_lunch/lunch_please" index="0" instance=ExtResource( 11 )]

editor/display_folded = true
conditional_statements = "pe.traumatized_by_clerk > 0"

[node name="1" parent="bodies/asshole/scenes/talk_to_asshole/if_has_lunch/lunch_please/is_traumatized" index="0" instance=ExtResource( 11 )]

conditional_statements = "pe.traumatized_by_clerk == 1"

[node name="nope1" parent="bodies/asshole/scenes/talk_to_asshole/if_has_lunch/lunch_please/is_traumatized/1" index="0" instance=ExtResource( 12 )]

text = "[color=gray]Nope![/color]"
speaker_name = "Tyche"

[node name="2" parent="bodies/asshole/scenes/talk_to_asshole/if_has_lunch/lunch_please/is_traumatized" index="1" instance=ExtResource( 11 )]

conditional_statements = "pe.traumatized_by_clerk == 2"

[node name="nope2" parent="bodies/asshole/scenes/talk_to_asshole/if_has_lunch/lunch_please/is_traumatized/2" index="0" instance=ExtResource( 12 )]

text = "[color=gray]I refuse![/color]"
speaker_name = "Tyche"

[node name="3" parent="bodies/asshole/scenes/talk_to_asshole/if_has_lunch/lunch_please/is_traumatized" index="2" instance=ExtResource( 11 )]

conditional_statements = "pe.traumatized_by_clerk == 3"

[node name="nope3" parent="bodies/asshole/scenes/talk_to_asshole/if_has_lunch/lunch_please/is_traumatized/3" index="0" instance=ExtResource( 12 )]

text = "[color=gray]Just walk away and don't make eye contact.[/color]"
speaker_name = "Tyche"

[node name="mod_3" parent="bodies/asshole/scenes/talk_to_asshole/if_has_lunch/lunch_please/is_traumatized" index="3" instance=ExtResource( 13 )]

flag_type = 1
flag_name = "traumatized_by_clerk"
operation_type = 5
value = 3

[node name="add_one" parent="bodies/asshole/scenes/talk_to_asshole/if_has_lunch/lunch_please/is_traumatized" index="4" instance=ExtResource( 13 )]

flag_type = 1
flag_name = "traumatized_by_clerk"
operation_type = 1
value = 1

[node name="is_not_traumatized" parent="bodies/asshole/scenes/talk_to_asshole/if_has_lunch/lunch_please" index="1" instance=ExtResource( 11 )]

conditional_statements = "pe.traumatized_by_clerk == 0"

[node name="oh_look" parent="bodies/asshole/scenes/talk_to_asshole/if_has_lunch/lunch_please/is_not_traumatized" index="0" instance=ExtResource( 12 )]

text = "[color=gray]Oh look, there are pastries here too![/color]

[color=gray]Maybe i can get one?
...Oh my god, they are so cheap here![/color]

.....
[color=gray]Alright, Tyche, you can do it![/color]

...Um, hi!"
speaker_name = "Tyche"

[node name="idc" parent="bodies/asshole/scenes/talk_to_asshole/if_has_lunch/lunch_please/is_not_traumatized" index="1" instance=ExtResource( 12 )]

text = "....."
speaker_name = "Clerk"
allow_skip = false
auto_scroll = true
auto_scroll_time = 2.0

[node name="crassan_pls" parent="bodies/asshole/scenes/talk_to_asshole/if_has_lunch/lunch_please/is_not_traumatized" index="2" instance=ExtResource( 12 )]

text = ".....
I'd like a croissant, please."
speaker_name = "Tyche"

[node name="idc2" parent="bodies/asshole/scenes/talk_to_asshole/if_has_lunch/lunch_please/is_not_traumatized" index="3" instance=ExtResource( 12 )]

text = "....."
speaker_name = "Clerk"
allow_skip = false
auto_scroll = true
auto_scroll_time = 2.0

[node name="ummmm" parent="bodies/asshole/scenes/talk_to_asshole/if_has_lunch/lunch_please/is_not_traumatized" index="4" instance=ExtResource( 12 )]

text = "Umm.....
..... Sir...?"
speaker_name = "Tyche"

[node name="idc3" parent="bodies/asshole/scenes/talk_to_asshole/if_has_lunch/lunch_please/is_not_traumatized" index="5" instance=ExtResource( 12 )]

text = "What?"
speaker_name = "Clerk"

[node name="set_animation" parent="bodies/asshole/scenes/talk_to_asshole/if_has_lunch/lunch_please/is_not_traumatized" index="6" instance=ExtResource( 14 )]

body_name = "player"
use_custom = true
custom_animation_name = "anxious"

[node name="croissant_please" parent="bodies/asshole/scenes/talk_to_asshole/if_has_lunch/lunch_please/is_not_traumatized" index="7" instance=ExtResource( 12 )]

text = "A... croissant...
...please?"
speaker_name = "Tyche"

[node name="idc4" parent="bodies/asshole/scenes/talk_to_asshole/if_has_lunch/lunch_please/is_not_traumatized" index="8" instance=ExtResource( 12 )]

text = "A what now?"
speaker_name = "Clerk"

[node name="focus_camera" parent="bodies/asshole/scenes/talk_to_asshole/if_has_lunch/lunch_please/is_not_traumatized" index="9" instance=ExtResource( 15 )]

body_name = "player"

[node name="nevermind" parent="bodies/asshole/scenes/talk_to_asshole/if_has_lunch/lunch_please/is_not_traumatized" index="10" instance=ExtResource( 12 )]

text = "Umm...

Ummmmm...........!

.....

Nevermindthanksbye."
speaker_name = "Tyche"

[node name="walk_away" parent="bodies/asshole/scenes/talk_to_asshole/if_has_lunch/lunch_please/is_not_traumatized" index="11" instance=ExtResource( 16 )]

body_name = "player"
wait = true

[node name="target" type="Position2D" parent="bodies/asshole/scenes/talk_to_asshole/if_has_lunch/lunch_please/is_not_traumatized/walk_away" index="0"]

position = Vector2( 160, 0 )

[node name="wait" parent="bodies/asshole/scenes/talk_to_asshole/if_has_lunch/lunch_please/is_not_traumatized" index="12" instance=ExtResource( 17 )]

time = 0.1

[node name="set_animation2" parent="bodies/asshole/scenes/talk_to_asshole/if_has_lunch/lunch_please/is_not_traumatized" index="13" instance=ExtResource( 14 )]

body_name = "player"
use_custom = true
custom_animation_name = "anxious"

[node name="oh_god" parent="bodies/asshole/scenes/talk_to_asshole/if_has_lunch/lunch_please/is_not_traumatized" index="14" instance=ExtResource( 12 )]

text = "Oh god, oh god.

Let's never do this again.

I'd rather die."

[node name="set_flag" parent="bodies/asshole/scenes/talk_to_asshole/if_has_lunch/lunch_please/is_not_traumatized" index="15" instance=ExtResource( 13 )]

flag_type = 1
flag_name = "traumatized_by_clerk"
value = 1

[node name="im_good" parent="bodies/asshole/scenes/talk_to_asshole/if_has_lunch" index="1" instance=ExtResource( 9 )]

conditional_statements = "pe.traumatized_by_clerk == 0"
if_true = "already_have"
if_false = "no_way"

[node name="already_have" parent="bodies/asshole/scenes/talk_to_asshole/if_has_lunch/im_good" index="0" instance=ExtResource( 12 )]

text = "Oh pastries.

But I'm good. I already have Hash's lunch."
speaker_name = "Tyche"

[node name="no_way" parent="bodies/asshole/scenes/talk_to_asshole/if_has_lunch/im_good" index="1" instance=ExtResource( 12 )]

text = "Glad I managed to get Hash's lunch somewhere else.

No way I'm talking to this guy, ever."
speaker_name = "Tyche"

[node name="asshole2" type="Sprite" parent="bodies/asshole" index="5"]

show_behind_parent = true
position = Vector2( 1, -138 )
texture = ExtResource( 18 )
region_enabled = true
region_rect = Rect2( 48, 16, 128, 82 )
_sections_unfolded = [ "Region", "Visibility", "Z Index" ]

[node name="out" parent="bodies" index="2" instance=ExtResource( 19 )]

editor/display_folded = true
position = Vector2( 1712, 320 )

[node name="scenes" parent="bodies/out" index="4" instance=ExtResource( 7 )]

[node name="to_talon_av" parent="bodies/out/scenes" index="0" instance=ExtResource( 8 )]

on_step = true

[node name="move_body" parent="bodies/out/scenes/to_talon_av" index="0" instance=ExtResource( 16 )]

body_name = "player"
wait = false

[node name="target" type="Position2D" parent="bodies/out/scenes/to_talon_av/move_body" index="0"]

[node name="has_store_item" parent="bodies/out/scenes/to_talon_av" index="1" instance=ExtResource( 11 )]

conditional_statements = "st.has_store_item == 1"

[node name="fade_overlay" parent="bodies/out/scenes/to_talon_av/has_store_item" index="0" instance=ExtResource( 20 )]

wait = true

[node name="playSFX" parent="bodies/out/scenes/to_talon_av/has_store_item" index="1" instance=ExtResource( 21 )]

sfx = ExtResource( 22 )
wait = true

[node name="set_flag" parent="bodies/out/scenes/to_talon_av/has_store_item" index="2" instance=ExtResource( 13 )]

flag_name = "has_store_item"
value = 2

[node name="quick_if" parent="bodies/out/scenes/to_talon_av/has_store_item" index="3" instance=ExtResource( 11 )]

conditional_statements = "pe.traumatized_by_clerk > 0
pe.about_clerk_trauma == 0"

[node name="done" parent="bodies/out/scenes/to_talon_av/has_store_item/quick_if" index="0" instance=ExtResource( 12 )]

text = "Done.

Halfway through I felt like
jumping off a cliff, but I made it.

...Somehow!"
speaker_name = "Tyche"

[node name="set_flag" parent="bodies/out/scenes/to_talon_av/has_store_item/quick_if" index="1" instance=ExtResource( 13 )]

flag_type = 1
flag_name = "about_clerk_trauma"
value = 1

[node name="change_map" parent="bodies/out/scenes/to_talon_av" index="2" instance=ExtResource( 23 )]

map_id = "street01"
spawn_point = "from_market"

[node name="derek" parent="bodies" index="3" instance=ExtResource( 24 )]

position = Vector2( 304, 320 )
hidden = true
interactable = 2
speed = 1

[node name="scenes" parent="bodies/derek" index="4" instance=ExtResource( 7 )]

[node name="intro" parent="bodies/derek/scenes" index="0" instance=ExtResource( 8 )]

conditional_statements = "st.met_derek == 0"
time_based = true
time_window_start = 13.8
time_window_end = 15.2
on_step = true
one_time_only = true

[node name="talk_to_derek" parent="bodies/derek/scenes/intro" index="0" instance=ExtResource( 25 )]

[node name="now_what" parent="bodies/derek/scenes" index="1" instance=ExtResource( 26 )]

[node name="gummistakes" parent="bodies" index="4" instance=ExtResource( 6 )]

editor/display_folded = true
position = Vector2( 1008, 320 )
interactable = 1

[node name="shape" parent="bodies/gummistakes/interaction_area" index="0"]

polygon = PoolVector2Array( -48, -32, 48, -32, 48, 32, -48, 32 )

[node name="notif" parent="bodies/gummistakes" index="3"]

position = Vector2( 0, -160 )

[node name="scenes" parent="bodies/gummistakes" index="4" instance=ExtResource( 7 )]

[node name="check_gummistakes" parent="bodies/gummistakes/scenes" index="0" instance=ExtResource( 8 )]

conditional_statements = "pe.seen_gummistakes == 0"
on_step = true

[node name="set_flag" parent="bodies/gummistakes/scenes/check_gummistakes" index="0" instance=ExtResource( 13 )]

flag_type = 1
flag_name = "seen_gummistakes"
value = 1

[node name="focus_camera" parent="bodies/gummistakes/scenes/check_gummistakes" index="1" instance=ExtResource( 15 )]

time = 0.5
body_name = "gummistakes"

[node name="set_animation" parent="bodies/gummistakes/scenes/check_gummistakes" index="2" instance=ExtResource( 14 )]

body_name = "player"
use_custom = true
custom_animation_name = "laugh"

[node name="ohgod" parent="bodies/gummistakes/scenes/check_gummistakes" index="3" instance=ExtResource( 12 )]

text = "Oh shit.

Pfft-

Hahahaha-"
speaker_name = "Tyche"

[node name="wait" parent="bodies/gummistakes/scenes/check_gummistakes" index="4" instance=ExtResource( 17 )]

[node name="set_animation2" parent="bodies/gummistakes/scenes/check_gummistakes" index="5" instance=ExtResource( 14 )]

body_name = "player"
use_custom = true
custom_animation_name = "smile"

[node name="josh_did_his_best" parent="bodies/gummistakes/scenes/check_gummistakes" index="6" instance=ExtResource( 12 )]

text = "Holy crap, how can this possbily exist?

The signs in this market are so bad, oh god.

Is this real?

It can't be real.

Someone made this sign.
With their own paws.

And the manager went,
\"Oh good work, Josh!\"

.....

Josh did his best.

I'm proud of you, Josh."
speaker_name = "Tyche"

[node name="get_gummies" parent="bodies/gummistakes/scenes" index="1" instance=ExtResource( 8 )]

conditional_statements = "pe.traumatized_by_clerk > 0
st.has_croissant == 0
st.has_snacks == 0"
time_based = true
time_window_end = 15.0
on_interact = true

[node name="these_will_do" parent="bodies/gummistakes/scenes/get_gummies" index="0" instance=ExtResource( 12 )]

text = "Yup, let's forget about croissants, this is better.

No jerk clerks, just the self-checkout line.

Social-interaction-free candy.
Best kind of candy."
speaker_name = "Tyche"

[node name="got_gummistake" parent="bodies/gummistakes/scenes/get_gummies" index="1" instance=ExtResource( 13 )]

flag_name = "has_snacks"
value = 1

[node name="has_store_item" parent="bodies/gummistakes/scenes/get_gummies" index="2" instance=ExtResource( 13 )]

flag_name = "has_store_item"
value = 1

[node name="success_sfx" parent="bodies/gummistakes/scenes/get_gummies" index="3" instance=ExtResource( 21 )]

sfx = ExtResource( 27 )

[node name="you_got_item" parent="bodies/gummistakes/scenes/get_gummies" index="4" instance=ExtResource( 12 )]

text = "[center]You picked up a pack of Gummy Steaks
from the shelf.[/center]"
disable_speaker = true
centered = true
allow_skip = false

[node name="look_at_them" parent="bodies/gummistakes/scenes" index="2" instance=ExtResource( 8 )]

conditional_statements = "pe.seen_gummistakes > 0"
on_interact = true

[node name="gotta_show_her" parent="bodies/gummistakes/scenes/look_at_them" index="0" instance=ExtResource( 12 )]

text = "I gotta show this sign to Hash sometime."
speaker_name = "Tyche"

[node name="overlay" parent="." index="3"]

tile_set = ExtResource( 2 )
tile_data = PoolIntArray( 52, 1610612737, 0, 65536, 0, 0, 65537, 0, 0, 65538, 0, 0, 65588, 1610612737, 0, 131072, 0, 0, 131073, 0, 0, 131074, 0, 0, 131124, 1610612737, 0, 196608, 0, 0, 196609, 0, 0, 196610, 0, 0, 196660, 1610612737, 0, 262144, 0, 0, 262145, 0, 0, 262146, 0, 0, 262196, 1610612737, 0, 327680, 0, 0, 327681, 0, 0, 327682, 0, 0, 327732, 1610612737, 0, 393216, 0, 0, 393217, 0, 0, 393218, 0, 0, 393268, 1610612737, 0, 458752, 0, 0, 458753, 0, 0, 458754, 0, 0, 458804, 1610612737, 0, 524288, 0, 0, 524289, 0, 0, 524290, 0, 0, 524340, 1610612737, 0, 589824, 0, 0, 589825, 0, 0, 589826, 0, 0, 589876, 1610612737, 0, 655360, 0, 0, 655361, 0, 0, 655362, 0, 0, 655363, 0, 0, 655364, 0, 0, 655365, 0, 0, 655366, 0, 0, 655367, 0, 0, 655368, 0, 0, 655369, 0, 0, 655370, 0, 0, 655371, 0, 0, 655372, 0, 0, 655373, 0, 0, 655374, 0, 0, 655375, 0, 0, 655376, 0, 0, 655377, 0, 0, 655378, 0, 0, 655379, 0, 0, 655380, 0, 0, 655381, 0, 0, 655382, 0, 0, 655383, 0, 0, 655384, 0, 0, 655385, 0, 0, 655386, 0, 0, 655387, 0, 0, 655388, 0, 0, 655389, 0, 0, 655390, 0, 0, 655391, 0, 0, 655392, 0, 0, 655393, 0, 0, 655394, 0, 0, 655395, 0, 0, 655396, 0, 0, 655397, 0, 0, 655398, 0, 0, 655399, 0, 0, 655400, 0, 0, 655401, 0, 0, 655402, 0, 0, 655403, 0, 0, 655404, 0, 0, 655405, 0, 0, 655406, 0, 0, 655407, 0, 0, 655408, 0, 0, 655409, 0, 0, 655410, 0, 0, 655411, 0, 0, 655412, 0, 0, 720896, 0, 0, 720897, 0, 0, 720898, 0, 0, 720899, 0, 0, 720900, 0, 0, 720901, 0, 0, 720902, 0, 0, 720903, 0, 0, 720904, 0, 0, 720905, 0, 0, 720906, 0, 0, 720907, 0, 0, 720908, 0, 0, 720909, 0, 0, 720910, 0, 0, 720911, 0, 0, 720912, 0, 0, 720913, 0, 0, 720914, 0, 0, 720915, 0, 0, 720916, 0, 0, 720917, 0, 0, 720918, 0, 0, 720919, 0, 0, 720920, 0, 0, 720921, 0, 0, 720922, 0, 0, 720923, 0, 0, 720924, 0, 0, 720925, 0, 0, 720926, 0, 0, 720927, 0, 0, 720928, 0, 0, 720929, 0, 0, 720930, 0, 0, 720931, 0, 0, 720932, 0, 0, 720933, 0, 0, 720934, 0, 0, 720935, 0, 0, 720936, 0, 0, 720937, 0, 0, 720938, 0, 0, 720939, 0, 0, 720940, 0, 0, 720941, 0, 0, 720942, 0, 0, 720943, 0, 0, 720944, 0, 0, 720945, 0, 0, 720946, 0, 0, 720947, 0, 0, 720948, 0, 0, 786432, 0, 0, 786433, 0, 0, 786434, 0, 0, 786435, 0, 0, 786436, 0, 0, 786437, 0, 0, 786438, 0, 0, 786439, 0, 0, 786440, 0, 0, 786441, 0, 0, 786442, 0, 0, 786443, 0, 0, 786444, 0, 0, 786445, 0, 0, 786446, 0, 0, 786447, 0, 0, 786448, 0, 0, 786449, 0, 0, 786450, 0, 0, 786451, 0, 0, 786452, 0, 0, 786453, 0, 0, 786454, 0, 0, 786455, 0, 0, 786456, 0, 0, 786457, 0, 0, 786458, 0, 0, 786459, 0, 0, 786460, 0, 0, 786461, 0, 0, 786462, 0, 0, 786463, 0, 0, 786464, 0, 0, 786465, 0, 0, 786466, 0, 0, 786467, 0, 0, 786468, 0, 0, 786469, 0, 0, 786470, 0, 0, 786471, 0, 0, 786472, 0, 0, 786473, 0, 0, 786474, 0, 0, 786475, 0, 0, 786476, 0, 0, 786477, 0, 0, 786478, 0, 0, 786479, 0, 0, 786480, 0, 0, 786481, 0, 0, 786482, 0, 0, 786483, 0, 0, 786484, 0, 0 )

[node name="initial" parent="spawns" index="0"]

position = Vector2( 1440, 320 )

[node name="from_talon_av" type="Position2D" parent="spawns" index="1"]

position = Vector2( 1600, 320 )
script = ExtResource( 28 )
__meta__ = {
"_editor_icon": ExtResource( 29 )
}
face_direction = 2

[node name="first_cycle_nudge" parent="scenes" index="1" instance=ExtResource( 30 )]

[node name="derek_routine" parent="behaviours" index="0" instance=ExtResource( 31 )]

time_based = true
time_window_start = 13.75
time_window_end = 15.25

[node name="show_yourself" parent="behaviours/derek_routine" index="0" instance=ExtResource( 32 )]

body_name = "derek"

[node name="move_to_shelf" parent="behaviours/derek_routine" index="1" instance=ExtResource( 33 )]

time_window_start = 13.75
time_window_end = 14.0
body_name = "derek"

[node name="start" type="Position2D" parent="behaviours/derek_routine/move_to_shelf" index="0"]

position = Vector2( 1712, 320 )

[node name="end" type="Position2D" parent="behaviours/derek_routine/move_to_shelf" index="1"]

position = Vector2( 304, 320 )

[node name="while" parent="behaviours/derek_routine" index="2" instance=ExtResource( 34 )]

time_based = true
time_window_start = 14.0
time_window_end = 14.85

[node name="look_left" parent="behaviours/derek_routine/while" index="0" instance=ExtResource( 35 )]

body_name = "derek"

[node name="wait" parent="behaviours/derek_routine/while" index="1" instance=ExtResource( 17 )]

time = 4.0

[node name="pace_left" parent="behaviours/derek_routine/while" index="2" instance=ExtResource( 16 )]

body_name = "derek"
wait = true

[node name="target" type="Position2D" parent="behaviours/derek_routine/while/pace_left" index="0"]

position = Vector2( 176, 320 )

[node name="look_right" parent="behaviours/derek_routine/while" index="3" instance=ExtResource( 35 )]

body_name = "derek"
direction = 1

[node name="wait2" parent="behaviours/derek_routine/while" index="4" instance=ExtResource( 17 )]

time = 4.0

[node name="pace_right" parent="behaviours/derek_routine/while" index="5" instance=ExtResource( 16 )]

editor/display_folded = true
body_name = "derek"
wait = true

[node name="target" type="Position2D" parent="behaviours/derek_routine/while/pace_right" index="0"]

position = Vector2( 304, 320 )

[node name="go_to_start_place" parent="behaviours/derek_routine" index="3" instance=ExtResource( 16 )]

body_name = "derek"
wait = true

[node name="target" type="Position2D" parent="behaviours/derek_routine/go_to_start_place" index="0"]

position = Vector2( 304, 320 )

[node name="wait" parent="behaviours/derek_routine" index="4" instance=ExtResource( 34 )]

time_based = true
time_window_start = 14.85
time_window_end = 15.0

[node name="wait" parent="behaviours/derek_routine/wait" index="0" instance=ExtResource( 17 )]

time = 0.1

[node name="get_out_of_there" parent="behaviours/derek_routine" index="5" instance=ExtResource( 33 )]

editor/display_folded = true
time_window_start = 15.0
time_window_end = 15.25
body_name = "derek"

[node name="start" type="Position2D" parent="behaviours/derek_routine/get_out_of_there" index="0"]

position = Vector2( 304, 320 )

[node name="end" type="Position2D" parent="behaviours/derek_routine/get_out_of_there" index="1"]

position = Vector2( 1712, 320 )

[node name="hide_yourself" parent="behaviours/derek_routine" index="6" instance=ExtResource( 32 )]

body_name = "derek"
make_hidden = true


[editable path="bodies/asshole"]
[editable path="bodies/gummistakes"]
