[gd_scene load_steps=12 format=2]

[ext_resource path="res://assets/texture/derek.png" type="Texture" id=1]
[ext_resource path="res://addons/maulwed_nodes/body_animations/script.gd" type="Script" id=2]
[ext_resource path="res://addons/maulwed_nodes/body_animations/icon.png" type="Texture" id=3]
[ext_resource path="res://domains/sprites/canid_tail_animations.gd" type="Script" id=4]

[sub_resource type="Animation" id=7]

resource_name = "grimace"
length = 1.0
loop = true
step = 0.1
tracks/0/type = "value"
tracks/0/path = NodePath(".:frame")
tracks/0/interp = 1
tracks/0/loop_wrap = true
tracks/0/imported = false
tracks/0/enabled = true
tracks/0/keys = {
"times": PoolRealArray( 0 ),
"transitions": PoolRealArray( 1 ),
"update": 1,
"values": [ 4 ]
}

[sub_resource type="Animation" id=1]

length = 10.0
loop = true
step = 0.1
tracks/0/type = "value"
tracks/0/path = NodePath(".:frame")
tracks/0/interp = 1
tracks/0/loop_wrap = true
tracks/0/imported = false
tracks/0/enabled = true
tracks/0/keys = {
"times": PoolRealArray( 0, 0.4, 0.5, 0.6, 1.2, 1.3, 1.4, 3, 3.1, 3.3, 3.4, 3.5, 3.6, 4.2, 4.3, 4.4, 4.5, 4.6, 4.7, 4.8, 6, 6.1, 6.2, 6.3, 6.4, 6.5, 8, 8.2, 8.7, 8.8 ),
"transitions": PoolRealArray( 1, 1, 1, 1, 1, 1, 1, 1, 1, 1, 1, 1, 1, 1, 1, 1, 1, 1, 1, 1, 1, 1, 1, 1, 1, 1, 1, 1, 1, 1 ),
"update": 1,
"values": [ 0, 6, 5, 0, 6, 5, 0, 7, 8, 7, 6, 5, 0, 13, 9, 10, 11, 12, 13, 0, 6, 5, 0, 6, 5, 0, 14, 15, 14, 0 ]
}

[sub_resource type="Animation" id=2]

length = 0.6
loop = true
step = 0.1
tracks/0/type = "value"
tracks/0/path = NodePath(".:frame")
tracks/0/interp = 1
tracks/0/loop_wrap = true
tracks/0/imported = false
tracks/0/enabled = true
tracks/0/keys = {
"times": PoolRealArray( 0, 0.1, 0.2, 0.3, 0.4, 0.5 ),
"transitions": PoolRealArray( 1, 1, 1, 1, 1, 1 ),
"update": 1,
"values": [ 16, 17, 18, 19, 20, 21 ]
}

[sub_resource type="Animation" id=6]

resource_name = "smile"
length = 3.0
loop = true
step = 0.2
tracks/0/type = "value"
tracks/0/path = NodePath(".:frame")
tracks/0/interp = 1
tracks/0/loop_wrap = true
tracks/0/imported = false
tracks/0/enabled = true
tracks/0/keys = {
"times": PoolRealArray( 0, 1, 1.2, 1.4, 1.6, 1.8, 2, 2.2 ),
"transitions": PoolRealArray( 1, 1, 1, 1, 1, 1, 1, 1 ),
"update": 1,
"values": [ 1, 2, 3, 2, 3, 2, 3, 1 ]
}

[sub_resource type="Animation" id=3]

length = 0.72
loop = true
step = 0.12
tracks/0/type = "value"
tracks/0/path = NodePath(".:frame")
tracks/0/interp = 1
tracks/0/loop_wrap = true
tracks/0/imported = false
tracks/0/enabled = true
tracks/0/keys = {
"times": PoolRealArray( 0, 0.12, 0.24, 0.36, 0.48, 0.6 ),
"transitions": PoolRealArray( 1, 1, 1, 1, 1, 1 ),
"update": 1,
"values": [ 16, 17, 18, 19, 20, 21 ]
}

[sub_resource type="Animation" id=4]

resource_name = "idle"
length = 5.2
loop = true
step = 0.1
tracks/0/type = "value"
tracks/0/path = NodePath(".:frame")
tracks/0/interp = 1
tracks/0/loop_wrap = true
tracks/0/imported = false
tracks/0/enabled = true
tracks/0/keys = {
"times": PoolRealArray( 0, 0.1, 0.2, 0.3, 0.4, 0.5, 0.6, 0.7, 0.8, 0.9, 1.1, 1.3, 1.5, 1.7, 2, 2.1, 2.2, 2.3, 2.4, 2.5, 2.6, 2.7, 2.8, 2.9, 3.1, 3.3, 3.5, 3.7, 3.9, 4.1, 4.3, 4.4, 4.5, 4.6, 4.7, 4.7, 4.8, 4.9, 5, 5.1 ),
"transitions": PoolRealArray( 1, 1, 1, 1, 1, 1, 1, 1, 1, 1, 1, 1, 1, 1, 1, 1, 1, 1, 1, 1, 1, 1, 1, 1, 1, 1, 1, 1, 1, 1, 1, 1, 1, 1, 1, 1, 1, 1, 1, 1 ),
"update": 1,
"values": [ 22, 23, 24, 25, 26, 25, 24, 23, 22, 23, 22, 23, 22, 23, 22, 23, 24, 25, 26, 25, 24, 23, 22, 23, 22, 23, 22, 23, 22, 23, 22, 23, 24, 25, 26, 26, 24, 23, 22, 23 ]
}

[sub_resource type="Animation" id=5]

resource_name = "wag"
length = 0.8
loop = true
step = 0.1
tracks/0/type = "value"
tracks/0/path = NodePath(".:frame")
tracks/0/interp = 1
tracks/0/loop_wrap = true
tracks/0/imported = false
tracks/0/enabled = true
tracks/0/keys = {
"times": PoolRealArray( 0, 0.1, 0.2, 0.3, 0.4, 0.5, 0.6, 0.7 ),
"transitions": PoolRealArray( 1, 1, 1, 1, 1, 1, 1, 1 ),
"update": 1,
"values": [ 22, 23, 24, 25, 26, 25, 24, 23 ]
}

[node name="sprite" type="Sprite" index="0"]

texture = ExtResource( 1 )
offset = Vector2( 0, -80 )
vframes = 3
hframes = 9
frame = 5
_sections_unfolded = [ "Animation", "Offset" ]

[node name="animations" type="AnimationPlayer" parent="." index="0"]

root_node = NodePath("..")
autoplay = ""
playback_process_mode = 1
playback_default_blend_time = 0.0
playback_speed = 1.0
anims/grimace = SubResource( 7 )
anims/idle = SubResource( 1 )
anims/run = SubResource( 2 )
anims/smile = SubResource( 6 )
anims/walk = SubResource( 3 )
blend_times = [  ]
script = ExtResource( 2 )
_sections_unfolded = [ "Playback Options" ]
__meta__ = {
"_editor_icon": ExtResource( 3 )
}

[node name="tail" type="Sprite" parent="." index="1"]

show_behind_parent = true
texture = ExtResource( 1 )
offset = Vector2( 0, -72 )
vframes = 3
hframes = 9
frame = 22
_sections_unfolded = [ "Animation", "Offset", "Region", "Visibility" ]

[node name="tail_animations" type="AnimationPlayer" parent="tail" index="0"]

root_node = NodePath("..")
autoplay = "idle"
playback_process_mode = 1
playback_default_blend_time = 0.0
playback_speed = 1.0
anims/idle = SubResource( 4 )
anims/wag = SubResource( 5 )
blend_times = [  ]
script = ExtResource( 4 )

[connection signal="animation_changed" from="animations" to="tail/tail_animations" method="animation_changed"]


